<?xml version="1.0" encoding="UTF-8"?><record xmlns="http://www.loc.gov/MARC21/slim" xmlns:cinclude="http://apache.org/cocoon/include/1.0" xmlns:zs="http://www.loc.gov/zing/srw/">
  <leader>00298nz  a2200121n  4500</leader>
  <controlfield tag="001">nr2004028263</controlfield>
  <controlfield tag="003">DLC</controlfield>
  <controlfield tag="005">20040921033126.0</controlfield>
  <controlfield tag="008">040917n| acannaabn          |n aaa     c</controlfield>
  <datafield tag="010" ind1=" " ind2=" ">
    <subfield code="a">nr2004028263</subfield>
  </datafield>
  <datafield tag="040" ind1=" " ind2=" ">
    <subfield code="a">UkOxU</subfield>
    <subfield code="b">eng</subfield>
    <subfield code="c">UkOxU</subfield>
  </datafield>
  <datafield tag="100" ind1="1" ind2=" ">
    <subfield code="a">McGee, Nicola</subfield>
  </datafield>
  <datafield tag="670" ind1=" " ind2=" ">
    <subfield code="a">Medal maths, 2004:</subfield>
    <subfield code="b">t.p. (Nicola McGee)</subfield>
  </datafield>
</record>